
@misc{yellow_paper,
  title         = {Ethereum: A secure decentralised generalised transaction ledger}, 
  author        = {Gavin Wood},
  howpublished  = "\url{https://github.com/ethereum/yellowpaper}",
  year          = {2021},
  note          = "[Istanbul Version 80085f7]"
}
@misc{vyper,
  title         = {Vyper: Documentation},
  howpublished  = "\url{https://vyper.readthedocs.io/en/stable/}",
  author        = {{Vyper Team}},
  year          = {2017},
  note          = "Accessed on 13-08-2021"
}
@misc{solidity,
  title         = {Solidity: Documentation},
  howpublished  = "\url{https://docs.soliditylang.org/en/latest/}",
  author        = {Ethereum},
  year          = {2016},
  note          = "Accessed on 13-08-2021"
}
@misc{solidity:metadata,
  author       = {Ethereum},
  title        = {Solidity: Documentation},
  howpublished = "\url{https://docs.soliditylang.org/en/v0.8.7/metadata.html}",
  year         = {2021},
  note         = "Accessed on 17-08-2021"
}
@misc{section.py,
  author       = {Gernot Salzer},
  title        = {ethutils},
  howpublished = "\url{https://github.com/gsalzer/ethutils/}",
  year         = {2021},
  note         = "Accessed on 23-08-2021"
}
@misc{codeseg,
  author       = {Hannes Dallinger},
  title        = {{ETHERseg}},
  howpublished = "\url{https://github.com/HED-GIT/ETHERseg}",
  year         = {2021}
}
@misc{result.csv,
  author       = {Hannes Dallinger},
  title        = {Test Result},
  howpublished = "\url{https://github.com/HED-GIT/ETHERseg/blob/master/paper/result.csv}",
  year         = {2021}
}
@misc{krupp,
  author      = {Johannes Krupp and Christian Rossow},
  title       = {{TEETHER: Gnawing at Ethereum to Automatically Exploit Smart Contracts}},
  year         = {2018},
}
@misc{zhou,
  author      = {Yi Zhou and Deepak Kumar and Surya Bakshi and Joshua Maso and Andrew Miller and Michael Bailey},
  title       = {Erays: Reverse Engineering Ethereum’s Opaque Smart Contracts},
  year         = {2018},
}
@misc{brent,
  author      = {Lexi Brent and Anton Jurisevic and Michael Kong and Eric Liu and François Gauthier and Vincent Gramoli and Ralph Holz and Berhard Scholz},
  title       = {Vandal: A Scalable Security Analysis Frameworkfor Smart Contracts},
  year         = {2018},
}